@book{Temko2004kirigami,
  title={Kirigami Greeting Cards And Gift Wrap},
  author={Temko, Florence.},
  year={2004},
  publisher={Tuttle},
  address={Boston, Massachusetts}
}

@book{OrigamiBible,
    title={The Origami Bible},
    author={Nick Robinson},
    year={2004},
    publisher={Collins \& Brown},
    address={London},
}
    
@book{Scherenschnitt,
    author = {Jane A. Peterson},
    title = {Paper Cuts},
    journal = {The New York Times},
    issue_date = {27-11-2016},
    year = {2016},
    pages = {9, Section S},
    url = {https://www.nytimes.com/2016/11/27/fashion/craft-scherenschnitt-switzerland.html},
    last_accessed={4/09/2019},
}

@book{GlobalPaperCutting,
    author = {},
    title = {},
    journal = {},
    issue_date = {},
    year = {},
    pages = {},
    url = {https://www.papercutters.org/aboutpapercutting},
    last_accessed={4/09/2019},
}

@book{CJNews,
    author = {},
    title = {},
    journal = {},
    issue_date = {},
    year = {},
    pages = {},
    url = {https://www.cjnews.com/perspectives/opinions/shavuot-paper-cutting},
    last_accessed={4/09/2019},
}

@book{WordHippo,
    author = {},
    title = {},
    journal = {},
    issue_date = {},
    year = {},
    pages = {},
    url = {https://www.wordhippo.com/what-is/the/japanese-word-for-950593b1f42de841169aa7d59486b7e980bc15cf.html},
    last_accessed={4/09/2019},
}


@book{OrigamiResourceCenter,
    author = {},
    title = {},
    journal = {},
    issue_date = {},
    year = {},
    pages = {},
    url = {},
    last_accessed={https://www.origami-resource-center.com/kirigami.html},
}


@book{kyuhoshiInfo,
    author = {},
    title = {},
    journal = {},
    issue_date = {},
    year = {},
    pages = {},
    url = {},
    last_accessed={https://www.kyuhoshi.com/2014/11/kirigami/},
}


@book{PaperMagic,
    author = {},
    title = {},
    journal = {},
    issue_date = {},
    year = {},
    pages = {},
    url = {},
    last_accessed={},
}

@book{NidaAzwer,
    author = {},
    title = {},
    journal = {},
    issue_date = {},
    year = {},
    pages = {},
    url = {http://highlifeshenanigans.com/2016/04/kirigami-by-nida-azwer.html},
    last_accessed={12/09/2019},
}

@book{AlexandraVerschueren,
    author = {},
    title = {},
    journal = {},
    issue_date = {04/05/2010},
    year = {2010},
    pages = {},
    url = {https://www.vogue.it/en/talents/graduated-from/2010/04/alexandra-verschueren?refresh_ce=#ad-image9229},
    last_accessed={12/09/2019},
}

@book{NahokoKojima,
    author = {Nahoko Kojima},
    title = {Nahoko Kojima},
    journal = {Solo Kojima},
    year = {2019},
    url = {http://www.nahokokojima.com/galleries-overview/},
    last_accessed={12/09/2019},
}

@book{KanakoYaguchi,
    author = {Kanako Yaguchi},
    title = {Kirigami Works},
    year = {2019},
    url = {http://www.yorokobinokatachi.com/2019ex/index.html},
    last_accessed={12/09/2019},
}

@book{StarWars,
    author = {},
    title = {},
    journal = {},
    issue_date = {},
    year = {},
    pages = {},
    url = {http://www.paperdandy.co.uk/star-war-kirigami-book},
    last_accessed={},
}

% @book{,
%     author = {},
%     title = {},
%     journal = {},
%     issue_date = {},
%     year = {},
%     pages = {},
%     url = {},
%     last_accessed={},
% }